%% This BibTeX bibliography file was created using BibDesk.
%% https://bibdesk.sourceforge.io/

%% Created for Jackson Strand at 2024-01-18 15:08:33 -0700 


%% Saved with string encoding Unicode (UTF-8) 



@misc{vegan,
	author = {Oksanen, Jari and Simpson, L. Gavin and Blanchet,F. Guillaume and Kindt, Roeland },
	date-added = {2024-01-18 14:53:42 -0700},
	date-modified = {2024-01-18 15:05:34 -0700},
	month = {October},
	title = {Ordination methods, diversity analysis and other functions for community and vegetation ecologists.},
	urldate = {https://cran.r-project.org/web/packages/vegan/index.html},
	year = {2011}}

@article{chemoguide,
	author = {Br{\"u}ckner, Adrien and Heethoff, Michael},
	doi = {10.1007/s00049-016-0227-8},
	issn = {09377409},
	issue = {1},
	journal = {Chemoecology},
	keywords = {Chemical ecology,Compositional data,Data mining,Multivariate analyses,Ordination methods,Oribatida,Practical guide},
	pages = {33-46},
	title = {A chemo-ecologists' practical guide to compositional data analysis},
	volume = {27},
	year = {2017},
	bdsk-url-1 = {https://doi.org/10.1007/s00049-016-0227-8}}

@article{Henze1990,
	author = {Henze, N. and Zirkler, B.},
	doi = {10.1080/03610929008830400},
	issn = {1532-415X},
	journal = {Communications in Statistics - Theory and Methods},
	month = jan,
	number = {10},
	pages = {3595--3617},
	publisher = {Informa UK Limited},
	title = {A class of invariant consistent tests for multivariate normality},
	url = {http://dx.doi.org/10.1080/03610929008830400},
	volume = {19},
	year = {1990},
	bdsk-url-1 = {http://dx.doi.org/10.1080/03610929008830400}}

@article{permanova,
	author = {Anderson, Marti J.},
	doi = {10.1111/j.1442-9993.2001.01070.pp.x},
	issn = {1442-9993},
	journal = {Austral Ecology},
	month = feb,
	number = {1},
	pages = {32--46},
	publisher = {Wiley},
	title = {A new method for non‚Äêparametric multivariate analysis of variance},
	url = {http://dx.doi.org/10.1111/j.1442-9993.2001.01070.pp.x},
	volume = {26},
	year = {2001},
	bdsk-url-1 = {http://dx.doi.org/10.1111/j.1442-9993.2001.01070.pp.x}}

@article{locoweed,
	author = {Song, Runjie and Wang, Jinglong and Sun, Lu and Zhang, Yajing and Ren, Zhenghui and Zhao, Baoyu and Lu, Hao},
	doi = {10.1186/s12866-019-1408-8},
	issn = {1471-2180},
	journal = {BMC Microbiology},
	month = feb,
	number = {1},
	publisher = {Springer Science and Business Media LLC},
	title = {The study of metabolites from fermentation culture of Alternaria oxytropis},
	url = {http://dx.doi.org/10.1186/s12866-019-1408-8},
	volume = {19},
	year = {2019},
	bdsk-url-1 = {http://dx.doi.org/10.1186/s12866-019-1408-8}}

@INBOOK{anderson2017,
  title     = "Permutational multivariate analysis of variance ({PERMANOVA})",
  booktitle = "Wiley {StatsRef}: Statistics Reference Online",
  author    = "Anderson, Marti J",
  publisher = "John Wiley \& Sons, Ltd",
  pages     = "1--15",
  month     =  nov,
  year      =  2017,
  address   = "Chichester, UK"
}

  @Book{ggplot,
    author = {Hadley Wickham},
    title = {ggplot2: Elegant Graphics for Data Analysis},
    publisher = {Springer-Verlag New York},
    year = {2016},
    isbn = {978-3-319-24277-4},
    url = {https://ggplot2.tidyverse.org},
  }

@MISC {knitr,
title = "knitr: A {General-Purpose} Package for Dynamic Report Generation in {R}",
author = "Xie, Yihui",
year = 2021,
url = "https://yihui.org/knitr/"
}